
@misc{GherkinDescription,
	author = {{cucumber}}, 
    title     	= "Gherkin",
	url 		= "https://cucumber.io/docs/reference"
}

@misc{CSVFileDescription,
    title     	= "CSV Unofficial Standard",
	url 		= "https://tools.ietf.org/html/rfc4180"
}

@misc{UTF8Description,
	author		={{w3schools.com}}
    title     	= "UTF8 Reference",
	url 		= "http://www.w3schools.com/charsets/ref_html_utf8.asp"
}